@book{
    author={Becchetti,Claudio and Ricotti,Lucio P.},
    year={1998},
    title={Speech recognition: theory and C++ implementation},
    publisher={Wiley},
    address={New York},
    keywords={C (Computer program language); Automatic speech recognition},
    isbn={0471977306;9780471977308;},
    language={English},
}