@misc{mozilla_2019,
url={https://voice.mozilla.org/en},
journal={Voice.mozilla.org},
year={2019}
},

@misc{mozilla/deepspeech_2019,
url={https://github.com/mozilla/DeepSpeech#common-voice-training-data},
journal={GitHub},
year={2019}
}