%% Created for Prasanta Ghosh on 2018-01-20
% Encoding: UTF-8
@inproceedings{goodfellow2014generative,
  title={Generative adversarial nets},
  author={Goodfellow, Ian and Pouget-Abadie, Jean and Mirza, Mehdi and Xu, Bing and Warde-Farley, David and Ozair, Sherjil and Courville, Aaron and Bengio, Yoshua},
  booktitle={Advances in neural information processing systems},
  pages={2672--2680},
  year={2014}
}
@article{cho2014learning,
  title={Learning phrase representations using RNN encoder-decoder for statistical machine translation},
  author={Cho, Kyunghyun and Van Merri{\"e}nboer, Bart and Gulcehre, Caglar and Bahdanau, Dzmitry and Bougares, Fethi and Schwenk, Holger and Bengio, Yoshua},
  journal={arXiv preprint arXiv:1406.1078},
  year={2014}
}
@inproceedings{versteegh2015zero,
  title={The zero resource speech challenge 2015},
  author={Versteegh, Maarten and Thiolliere, Roland and Schatz, Thomas and Cao, Xuan Nga and Anguera, Xavier and Jansen, Aren and Dupoux, Emmanuel},
  booktitle={Sixteenth Annual Conference of the International Speech Communication Association},
  year={2015}
}
@article{hannun2014deep,
  title={Deep speech: Scaling up end-to-end speech recognition},
  author={Hannun, Awni and Case, Carl and Casper, Jared and Catanzaro, Bryan and Diamos, Greg and Elsen, Erich and Prenger, Ryan and Satheesh, Sanjeev and Sengupta, Shubho and Coates, Adam and others},
  journal={arXiv preprint arXiv:1412.5567},
  year={2014}
}
@article{besacier2014automatic,
  title={Automatic speech recognition for under-resourced languages: A survey},
  author={Besacier, Laurent and Barnard, Etienne and Karpov, Alexey and Schultz, Tanja},
  journal={Speech Communication},
  volume={56},
  pages={85--100},
  year={2014},
  publisher={Elsevier}
}
@book{allen1995natural,
  title={Natural language understanding},
  author={Allen, James},
  year={1995},
  publisher={Pearson}
}
@article{jelinek1976continuous,
  title={Continuous speech recognition by statistical methods},
  author={Jelinek, Frederick},
  journal={Proceedings of the IEEE},
  volume={64},
  number={4},
  pages={532--556},
  year={1976},
  publisher={IEEE}
}
@article{gales2007,
	author={Mark Gales and Steve Young},
	year={2007},
	title={The Application of Hidden Markov Models in Speech Recognition},
	journal={Foundations and TrendsÂ® in Signal Processing},
	volume={1},
	number={3},
	pages={195-304},
	isbn={1932-8346},
	language={English},
	doi={10.1561/2000000004}
}

@inproceedings{chen1996empirical,
  title={An empirical study of smoothing techniques for language modeling},
  author={Chen, Stanley F and Goodman, Joshua},
  booktitle={Proceedings of the 34th annual meeting on Association for Computational Linguistics},
  pages={310--318},
  year={1996},
  organization={Association for Computational Linguistics}
}

@article{bengio2003neural,
  title={A neural probabilistic language model},
  author={Bengio, Yoshua and Ducharme, R{\'e}jean and Vincent, Pascal and Jauvin, Christian},
  journal={Journal of machine learning research},
  volume={3},
  number={Feb},
  pages={1137--1155},
  year={2003}
}

@inproceedings{mikolov2011empirical,
  title={Empirical evaluation and combination of advanced language modeling techniques},
  author={Mikolov, Tom{\'a}{\v{s}} and Deoras, Anoop and Kombrink, Stefan and Burget, Luk{\'a}{\v{s}} and {\v{C}}ernock{\`y}, Jan},
  booktitle={Twelfth Annual Conference of the International Speech Communication Association},
  year={2011}
}

@inproceedings{sutskever2014sequence,
  title={Sequence to sequence learning with neural networks},
  author={Sutskever, Ilya and Vinyals, Oriol and Le, Quoc V},
  booktitle={Advances in neural information processing systems},
  pages={3104--3112},
  year={2014}
}

@inproceedings{luong2013better,
  title={Better word representations with recursive neural networks for morphology.},
  author={Luong, Thang and Socher, Richard and Manning, Christopher D},
  booktitle={CoNLL},
  pages={104--113},
  year={2013}
}

@article{xu2013cross,
  title={Cross-lingual language modeling for low-resource speech recognition},
  author={Xu, Ping and Fung, Pascale},
  journal={IEEE Transactions on Audio, Speech, and Language Processing},
  volume={21},
  number={6},
  pages={1134--1144},
  year={2013},
  publisher={IEEE}
}

@inproceedings{kim2016character,
  title={Character-Aware Neural Language Models.},
  author={Kim, Yoon and Jernite, Yacine and Sontag, David and Rush, Alexander M},
  booktitle={AAAI},
  pages={2741--2749},
  year={2016}
}

@article{sak2014long,
  title={Long short-term memory based recurrent neural network architectures for large vocabulary speech recognition},
  author={Sak, Ha{\c{s}}im and Senior, Andrew and Beaufays, Fran{\c{c}}oise},
  journal={arXiv preprint arXiv:1402.1128},
  year={2014}
}
@inproceedings{graves2013hybrid,
  title={Hybrid speech recognition with deep bidirectional LSTM},
  author={Graves, Alex and Jaitly, Navdeep and Mohamed, Abdel-rahman},
  booktitle={Automatic Speech Recognition and Understanding (ASRU), 2013 IEEE Workshop on},
  pages={273--278},
  year={2013},
  organization={IEEE}
}

@Comment{jabref-meta: databaseType:bibtex;}


@article{Davis80-COP,
	Author = {Steven B. Davis and Paul Mermelstein},
	Journal = {IEEE Transactions on Acoustics, Speech and Signal Processing},
	Number = {4},
	Pages = {357--366},
	Title = {Comparison of Parametric Representation for Monosyllabic Word Recognition in Continuously Spoken Sentences},
	Volume = {28},
	Year = {1980}}

@article{Rabiner89-ATO,
	Author = {Lawrence R. Rabiner},
	Journal = {Proceedings of the IEEE},
	Number = {2},
	Pages = {257--286},
	Title = {A Tutorial on Hidden {Markov} Models and Selected Applications in Speech Recognition},
	Volume = {77},
	Year = {1989}}

@book{Hastie09-TEO,
	Address = {New York},
	Author = {Trevor Hastie and Robert Tibshirani and Jerome Friedman},
	Publisher = {Springer},
	Title = {The Elements of Statistical Learning -- Data Mining, Inference, and Prediction},
	Year = {2009}}

@inproceedings{YourName17-XXX,
	Author = {Firstname1 Lastname1 and Firstname2 Lastname2 and Firstname3 Lastname3},
	Crossref = {INTERSPEECH18},
	Date-Modified = {2018-01-20 09:35:16 +0000},
	Pages = {100--104},
	Title = {Title of your {INTERSPEECH} 2018 publication}}

@proceedings{INTERSPEECH18,
	Booktitle = {{INTERSPEECH} 2018 -- 18\textsuperscript{th} Annual Conference of the International Speech Communication Association, September 2-6, Hyderabad, India, Proceedings},
	Date-Modified = {2018-01-20 09:24:27 +0000},
	Key = {INTERSPEECH},
	Title = {{INTERSPEECH} 2018 -- 19\textsuperscript{th} Annual Conference of the International Speech Communication Association, September 2-6, Hyderabad, India, Proceedings},
	Year = {2018}}
